@software{fernandezMariolfhMars2025,
  title = {Mariolfh/Mars},
  author = {Fern√°ndez, Mario},
  date = {2025-05-16T09:25:48Z},
  origdate = {2024-07-12T03:12:45Z},
  url = {https://github.com/mariolfh/mars},
  urldate = {2025-05-17},
  abstract = {A CLI tool made in Rust containing my most useful fuctionalities},
  keywords = {github,mars}
}

@online{Git,
  title = {Git},
  url = {https://git-scm.com/},
  urldate = {2025-05-17},
  keywords = {git},
  file = {C:\Users\mario\Zotero\storage\YU4HJYXI\git-scm.com.html}
}

@online{githubinc.MariolfhOverview2025,
  title = {Mariolfh - {{Overview}}},
  author = {{GitHub, Inc.}},
  date = {2025},
  url = {https://github.com/mariolfh},
  organization = {Github}
}

@online{LaTeXDocumentPreparation,
  title = {{{LaTeX}} - {{A}} Document Preparation System},
  url = {https://www.latex-project.org/},
  urldate = {2025-05-17},
  keywords = {LaTeX,TeX},
  file = {C:\Users\mario\Zotero\storage\3X2VIR79\www.latex-project.org.html}
}

@article{PDFDocumentingSoftware2025,
  title = {({{PDF}}) {{Documenting Software Requirements Specification}}: {{A Revisit}}},
  shorttitle = {({{PDF}}) {{Documenting Software Requirements Specification}}},
  date = {2025-03-18},
  journaltitle = {ResearchGate},
  doi = {10.5539/cis.v3n1p17},
  url = {https://www.researchgate.net/publication/42385676_Documenting_Software_Requirements_Specification_A_Revisit},
  urldate = {2025-05-20},
  abstract = {PDF | Software Requirements Specification (SRS) is the key documentation, defining the functional and non-functional system requirements. This papers... | Find, read and cite all the research you need on ResearchGate},
  langid = {english},
  keywords = {documentation,requirements,software requirements specification},
  file = {C\:\\Users\\mario\\Zotero\\storage\\P2DPVJ64\\2025 - (PDF) Documenting Software Requirements Specification A Revisit.pdf;C\:\\Users\\mario\\Zotero\\storage\\538VMZX4\\42385676_Documenting_Software_Requirements_Specification_A_Revisit.html}
}

@online{RustProgrammingLanguage,
  title = {Rust {{Programming Language}}},
  url = {https://www.rust-lang.org/},
  urldate = {2025-05-17},
  keywords = {rust}
}
